<record><leader>00000cas a22000007a 4500</leader><controlfield tag="001">13172798</controlfield><controlfield tag="008">860219d18951900mtuwr ne      0    0eng d</controlfield><datafield ind1=" " ind2=" " tag="010"><subfield code="a">sn 86075055 </subfield></datafield><datafield ind1=" " ind2=" " tag="040"><subfield code="a">MTL</subfield><subfield code="b">eng</subfield><subfield code="c">MTL</subfield><subfield code="d">OCLCQ</subfield></datafield><datafield ind1=" " ind2=" " tag="042"><subfield code="a">msc</subfield></datafield><datafield ind1="0" ind2="0" tag="245"><subfield code="a">Montana fruit-grower.</subfield></datafield><datafield ind1=" " ind2=" " tag="260"><subfield code="a">Missoula, Mont. :</subfield><subfield code="b">Fruit-Grower Pub. Co.,</subfield><subfield code="c">1895-1900.</subfield></datafield><datafield ind1=" " ind2=" " tag="300"><subfield code="a">9 v. :</subfield><subfield code="b">ill. ;</subfield><subfield code="c">26-38 cm.</subfield></datafield><datafield ind1=" " ind2=" " tag="310"><subfield code="a">Weekly,</subfield><subfield code="b">Jan. 8, 1897-Jan. 5, 1900</subfield></datafield><datafield ind1=" " ind2=" " tag="321"><subfield code="a">Monthly,</subfield><subfield code="b">Apr. 1895-Dec. 1896</subfield></datafield><datafield ind1="0" ind2=" " tag="362"><subfield code="a">Vol. 1, no. 1 (Apr. 1895)-v. 9, no. 34 (Jan. 5, 1900).</subfield></datafield><datafield ind1=" " ind2=" " tag="500"><subfield code="a">"Devoted to the interests of horticulture and agriculture."</subfield></datafield><datafield ind1=" " ind2=" " tag="515"><subfield code="a">Adopts Montana silverite numbering Jan. 8, 1897 (v. 6, no. 34).</subfield></datafield><datafield ind1=" " ind2=" " tag="550"><subfield code="a">Official organ of: Montana Horticultural Society, Mar. 4, 1898-Jan. 5, 1900.</subfield></datafield><datafield ind1=" " ind2=" " tag="550"><subfield code="a">Official organ of: Flathead Horticultural Society, Apr. 8, 1898-Jan. 5, 1900.</subfield></datafield><datafield ind1=" " ind2=" " tag="752"><subfield code="a">United States</subfield><subfield code="b">Montana</subfield><subfield code="c">Missoula</subfield><subfield code="d">Missoula.</subfield></datafield><datafield ind1="0" ind2="5" tag="780"><subfield code="t">Montana silverite</subfield><subfield code="g">Jan. 8, 1897</subfield><subfield code="w">(DLC)sn 86075065</subfield></datafield><datafield ind1="0" ind2="0" tag="785"><subfield code="t">Edwards' fruit grower &amp; farmer</subfield><subfield code="w">(DLC)sn 86075056</subfield></datafield></record>